<record><leader>00000cas a22000007a 4500</leader><controlfield tag="001">15242631</controlfield><controlfield tag="008">870226d18841886iauwr ne      0    0swe d</controlfield><datafield ind1=" " ind2=" " tag="010"><subfield code="a">sn 87058068 </subfield></datafield><datafield ind1=" " ind2=" " tag="040"><subfield code="a">INP</subfield><subfield code="b">eng</subfield><subfield code="c">INP</subfield><subfield code="d">OCLCQ</subfield></datafield><datafield ind1=" " ind2=" " tag="042"><subfield code="a">msc</subfield></datafield><datafield ind1="0" ind2="0" tag="245"><subfield code="a">Barometern.</subfield></datafield><datafield ind1=" " ind2=" " tag="260"><subfield code="a">Sioux City, Iowa :</subfield><subfield code="b">Herman Anderson,</subfield><subfield code="c">1884-1886.</subfield></datafield><datafield ind1=" " ind2=" " tag="300"><subfield code="a">3 v. :</subfield><subfield code="b">ill.</subfield></datafield><datafield ind1=" " ind2=" " tag="310"><subfield code="a">Weekly</subfield></datafield><datafield ind1="0" ind2=" " tag="362"><subfield code="a">A&#778;rg. 1, nr. 1 (8. aug. 1884)-a&#778;rg. 3, nr. [46] (4. febr. 1886).</subfield></datafield><datafield ind1=" " ind2=" " tag="515"><subfield code="a">A&#778;rg. 3, nr. 46 (4. febr. 1886) misnumbered a&#778;rg. 3, nr. 43.</subfield></datafield><datafield ind1=" " ind2=" " tag="546"><subfield code="a">In Swedish.</subfield></datafield><datafield ind1=" " ind2=" " tag="752"><subfield code="a">United States</subfield><subfield code="b">Iowa</subfield><subfield code="c">Woodbury</subfield><subfield code="d">Sioux City.</subfield></datafield></record>